@ARTICLE{Young2019,
   author = {Christine M. Young Neighbors, Clayton},
   title = {Incorporating writing into a personalized normative feedback intervention to reduce problem drinking among college students},
   journal = {Alcoholism: Clinical and Experimental Research},
   year = 2019,
   volume = 43,
   number = 5,
   pages = 10,
   month = may,
}
@ARTICLE{Choquette2018,
   author = {Choquette, Emily M. and Rancourt, Diane and Thompson, J. Kevin},
   title = {From fad to {FAD}: A theoretical formulation and proposed name change for ``drunkorexia'' to food and alcohol disturbance ({FAD})},
   journal = {International Journal of Eating Disorders},
   year = 2018,
   volume = 51,
   number = 8,
   pages = 4,
   month = aug,
}
@ARTICLE{Lewis2007,
   author = {Lewis, Melissa A. and Neighbors, Clayton},
   title = {Optimizing personalized normative feedback: The use of gender-specific referents},
   journal = {Journal of Studies on Alcohol and Drugs},
   year = 2007,
   volume = 68,
   number = 2,
   pages = 7,
   month = mar,
}
