@ARTICLE{Lamport1986,
   author = {L[eslie] A. Lamport},
   title = {The Gnats and Gnus Document Preparation System},
   journal = {G-Animal's Journal},
   year = 1986,
   volume = 41,
   number = 7,
   pages = "73+",
   month = jul,
}
@book{dickter2013eeg,
  title={EEG methods for the psychological sciences},
  author={Dickter, Cheryl L and Kieffaber, Paul D},
  year={2013},
  publisher={Sage}
}
@article{brenner2014role,
  title={The role of encoding and attention in facial emotion memory: An EEG investigation},
  author={Brenner, Colleen A and Rumak, Samuel P and Burns, Amy MN and Kieffaber, Paul D},
  journal={International journal of psychophysiology},
  volume={93},
  number={3},
  pages={398--410},
  year={2014},
  publisher={Elsevier}
}

@article{student1908probable,
  title={The probable error of a mean},
  author={Student},
  journal={Biometrika},
  pages={1--25},
  year={1908},
  publisher={JSTOR}
}